@InProceedings{mnCompleto,
  title = "Paper completo Wikstrom"}

@InProceedings{conf/csfw/Canetti04,
  title =   "Universally Composable Signature, Certification, and
         Authentication",
  author =  "Ran Canetti",
  publisher =   "IEEE Computer Society",
  year =    "2004",
  bibdate = "2004-09-09",
  bibsource =   "DBLP,
         http://dblp.uni-trier.de/db/conf/csfw/csfw2004.html#Canetti04",
  booktitle =   "CSFW",
  crossref =    "conf/csfw/2004",
  ISBN =    "0-7695-2169-X",
  pages =   "219",
  URL =     "http://doi.ieeecomputersociety.org/10.1109/CSFW.2004.24",
}

@InProceedings{Wikstrom04a,
  author =  "Wikstrom",
  title =   "A Universally Composable Mix-Net",
  booktitle =   "Theory of Cryptography Conference (TCC), LNCS",
  volume =  "1",
  year =    "2004",
}

@Article{journals/cacm/Chaum81,
  title =   "Untraceable Electronic Mail, Return Addresses, and
         Digital Pseudonyms",
  author =  "David Chaum",
  journal = "Commun. ACM",
  year =    "1981",
  number =  "2",
  volume =  "24",
  bibdate = "2003-11-20",
  bibsource =   "DBLP,
         http://dblp.uni-trier.de/db/journals/cacm/cacm24.html#Chaum81",
  pages =   "84--88",
}


@InProceedings{ conf/focs/Canetti01,
    title = "Universally Composable Security: {A} New Paradigm for Cryptographic Protocols",
    author = "Ran Canetti",
    year = "2001", 
    bibdate = "2002-05-15",
    bibsource = "DBLP, http://dblp.uni-trier.de/db/conf/focs/focs2001.html\\\\\#Canetti01",
    booktitle = "FOCS",
    pages = "136--145"
}

@InProceedings{ conf/tcc/CanettiDPW07,
    title = "Universally Composable Security with Global Setup",
    author = "Ran Canetti and Yevgeniy Dodis and Rafael Pass and Shabsi Walfish",
    bibdate = "2007-05-21",
    bibsource = "DBLP, http://dblp.uni-trier.de/db/conf/tcc/tcc2007.html\\\\\#CanettiDPW07",
    booktitle = "TCC",
    booktitle1 = "Theory of Cryptography, 4th Theory of Cryptography Conference, {TCC} 2007, Amsterdam, The Netherlands, February 21-24, 2007, Proceedings",
    publisher = "Springer",
    year = "2007",
    volume = "4392",
    editor = "Salil P. Vadhan",
    ISBN = "3-540-70935-5",
    pages = "61--85",
    series = "Lecture Notes in Computer Science",
    URL = "http://dx.doi.org/10.1007/978-3-540-70936-7_4"
}

@InProceedings{conf/tcc/DodisKSW09,
  title =   "Composability and On-Line Deniability of
             Authentication",
  author =  "Yevgeniy Dodis and Jonathan Katz and Adam Smith and
         Shabsi Walfish",
  bibdate = "2009-02-23",
  bibsource =   "DBLP,
         http://dblp.uni-trier.de/db/conf/tcc/tcc2009.html#DodisKSW09",
  booktitle =   "TCC",
  booktitle =   "Theory of Cryptography, 6th Theory of Cryptography
         Conference, {TCC} 2009, San Francisco, {CA}, {USA},
         March 15-17, 2009. Proceedings",
  publisher =   "Springer",
  year =    "2009",
  volume =  "5444",
  editor =  "Omer Reingold",
  ISBN =    "978-3-642-00456-8",
  pages =   "146--162",
  series =  "Lecture Notes in Computer Science",
  URL =     "http://dx.doi.org/10.1007/978-3-642-00457-5",
}

@Article{DwoNaoSah04,
  author =  "Dwork and Naor and Sahai",
  title =   "Concurrent Zero-Knowledge",
  journal = "JACM: Journal of the ACM",
  volume =  "51",
  year =    "2004",
}

@InProceedings{Pass03,
  author =  "Pass",
  title =   "On Deniability in the Common Reference String and
         Random Oracle Model",
  booktitle =   "CRYPTO: Proceedings of Crypto",
  year =    "2003",
}

@Article{journals/tcs/YaoYZ09,
  title =   "A note on universal composable zero-knowledge in the
         common reference string model",
  author =  "Andrew Chi-Chih Yao and Frances F. Yao and Yunlei
         Zhao",
  journal = "Theor. Comput. Sci",
  year =    "2009",
  number =  "11",
  volume =  "410",
  bibdate = "2009-03-04",
  bibsource =   "DBLP,
         http://dblp.uni-trier.de/db/journals/tcs/tcs410.html#YaoYZ09",
  pages =   "1099--1108",
  URL =     "http://dx.doi.org/10.1016/j.tcs.2008.10.027",
}

@Misc{ cryptoeprint:2006:465,
	author = "Ran Canetti",
	title = "Security and Composition of Cryptographic Protocols: A Tutorial",
	howpublished = "Cryptology ePrint Archive, Report 2006/465",
	year = "2006",
	url = "http://eprint.iacr.org/"
}
